<record><leader>00000cas a22000007a 4500</leader><controlfield tag="001">12935703</controlfield><controlfield tag="008">851219d19101931iauwr ne      0    0eng d</controlfield><datafield ind1=" " ind2=" " tag="010"><subfield code="a">sn 85050978 </subfield></datafield><datafield ind1=" " ind2=" " tag="040"><subfield code="a">INP</subfield><subfield code="b">eng</subfield><subfield code="c">INP</subfield><subfield code="d">OCLCQ</subfield></datafield><datafield ind1=" " ind2=" " tag="042"><subfield code="a">msc</subfield></datafield><datafield ind1="0" ind2=" " tag="130"><subfield code="a">Eldora herald (Eldora, Iowa : 1910)</subfield></datafield><datafield ind1="1" ind2="4" tag="245"><subfield code="a">The Eldora herald.</subfield></datafield><datafield ind1="1" ind2="3" tag="246"><subfield code="a">Herald</subfield><subfield code="f">Feb. 10-May 12, 1910</subfield></datafield><datafield ind1=" " ind2=" " tag="260"><subfield code="a">Eldora, Hardin County, Iowa :</subfield><subfield code="b">H.E. Moffett,</subfield><subfield code="c">1910-1931.</subfield></datafield><datafield ind1=" " ind2=" " tag="300"><subfield code="a">22 v. :</subfield><subfield code="b">ill. ;</subfield><subfield code="c">54 cm.</subfield></datafield><datafield ind1=" " ind2=" " tag="310"><subfield code="a">Weekly</subfield></datafield><datafield ind1="0" ind2=" " tag="362"><subfield code="a">Vol. 37, no. 11 (Feb. 10, 1910)-v. 58, no. 13 (Mar. 26, 1931).</subfield></datafield><datafield ind1=" " ind2=" " tag="500"><subfield code="a">"Booster Christmas edition" published Dec. 8, 1910, and "Annual Christmas edition" published Dec. 7, 1911, highlighting changes in Eldora during the previous year.</subfield></datafield><datafield ind1=" " ind2=" " tag="500"><subfield code="a">Editor: H.E. Moffett, Feb. 10, 1910-&lt;Dec. 29, 1921&gt;; John W. Moffett, &lt;Jan. 1&gt;-Mar. 26, 1931.</subfield></datafield><datafield ind1=" " ind2=" " tag="752"><subfield code="a">United States</subfield><subfield code="b">Iowa</subfield><subfield code="c">Hardin</subfield><subfield code="d">Eldora.</subfield></datafield><datafield ind1="0" ind2="0" tag="780"><subfield code="t">Semi-weekly herald (Eldora, Iowa)</subfield><subfield code="w">(DLC)sn 86060013</subfield></datafield><datafield ind1="0" ind2="7" tag="785"><subfield code="t">Hardin County ledger</subfield><subfield code="w">(DLC)sn 85050979</subfield></datafield><datafield ind1="0" ind2="7" tag="785"><subfield code="t">Eldora herald-ledger</subfield><subfield code="w">(DLC)sn 86060107</subfield></datafield><datafield ind1="1" ind2=" " tag="029"><subfield code="a">AU@</subfield><subfield code="b">000025790927</subfield></datafield></record>